@article{IFRS13,
    author={{The International Financial Reporting Standards Foundation}},
    shortauthor={IFRS},
    year={2013},
    title={IFRS 13 Fair Value Measurement}
}